@incollection{oed:iconoclasm,
  title     = {iconoclasm, n.},
  booktitle = {OED Online},
  year      = {2021},
  month     = mar,
  publisher = {Oxford University Press},
  url       = {https://oed.com/view/Entry/90889?redirectedFrom=iconoclasm&},
  urldate   = {2021-03-20}
}

@article{LeoJour,
  issn      = {00405817, 15585816},
  url       = {http://www.jstor.org/stable/41801907},
  author    = {J. ATKINSON},
  journal   = {Theoria: A Journal of Social and Political Theory},
  number    = {41},
  pages     = {51--62},
  publisher = {Berghahn Books},
  title     = {LEO III AND ICONOCLASM},
  year      = {1973}
}

