@inbook{DeRePublica,
  author    = {Marcus Tullius Cicero},
  booktitle = {On the Republic. On the Laws},
  pages     = {12-23},
  publisher = {Loeb Classical Library},
  title     = {De Re Publica},
  year      = {1928},
}
@inbook{PlutarchSulla,
    author = {Plutarch},
    booktitle = {The Parallel Lives},
    title = {The Life of Sulla},
    publisher = {Loeb Classical Library},
    year = {1916},
    chapter = {9},
}
@inbook{RomanRevolution,
    author = {Ronald Syme},
    booktitle = {The Roman Revolution},
    title = {The Consul Antionius},
    publisher = {Oxford University Press},
    year = {2002},
    pages = {98-103},
}