@Conference{paper,
  author  = {A. Nash, K. Daniel, S. Koenig and A. Felner},
  title   = {Theta*: Any-Angle Path Planning on Grids},
  booktitle = {Proceedings of the AAAI Conference on Artificial Intelligence},
  pages   = {1177--1183},
  year    = {2007},
}